<?xml version="1.0" encoding="UTF-8"?><collection xmlns="http://www.loc.gov/MARC21/slim"><record><leader>00345nam--2200133-i-4500</leader><controlfield tag="001">000027649</controlfield><controlfield tag="002">20161230</controlfield><controlfield tag="005">20161230201036</controlfield><controlfield tag="008">060222s1000------------r-----000-0-eng-d</controlfield><datafield ind1=" " ind2=" " tag="080"><subfield code="a">530.145.6</subfield></datafield><datafield ind1=" " ind2=" " tag="100"><subfield code="a">Lande Alfred</subfield></datafield><datafield ind1=" " ind2=" " tag="245"><subfield code="a">New foundations of quantum mechanics</subfield></datafield><datafield ind1=" " ind2=" " tag="260"><subfield code="a">Cambridge, The University Press, 1965, Xii + 171p</subfield></datafield><datafield ind1=" " ind2=" " tag="852"><subfield code="a">22501</subfield></datafield></record></collection>